<?xml version="1.0" encoding="UTF-8"?><collection xmlns="http://www.loc.gov/MARC21/slim"><record><leader>00399nam--2200133-i-4500</leader><controlfield tag="001">000022442</controlfield><controlfield tag="002">20161230</controlfield><controlfield tag="005">20161230201034</controlfield><controlfield tag="008">060222s1000------------r-----000-0-eng-d</controlfield><datafield ind1=" " ind2=" " tag="245"><subfield code="a">Thin film microelectronics. the preparation and properties of components and circuit arrays</subfield></datafield><datafield ind1=" " ind2=" " tag="260"><subfield code="a">London, Chapman And Hall Ltd., 1965,+284p</subfield></datafield><datafield ind1=" " ind2=" " tag="490"><subfield code="a">High Vacuum Series</subfield></datafield><datafield ind1=" " ind2=" " tag="700"><subfield code="a">Holland, L</subfield></datafield><datafield ind1=" " ind2=" " tag="852"><subfield code="a">22345</subfield></datafield></record></collection>